<?xml version="1.0" encoding="UTF-8"?><collection xmlns="http://www.loc.gov/MARC21/slim"><record><leader>00456nam--2200169-i-4500</leader><controlfield tag="001">000006979</controlfield><controlfield tag="002">20161230</controlfield><controlfield tag="005">20161230201027</controlfield><controlfield tag="008">060222s1000------------r-----000-0-eng-d</controlfield><datafield ind1=" " ind2=" " tag="040"><subfield code="a">IFIN-HH</subfield></datafield><datafield ind1=" " ind2=" " tag="080"><subfield code="a">519.24</subfield></datafield><datafield ind1="1" ind2=" " tag="100"><subfield code="a">Davies, Owen L</subfield></datafield><datafield ind1="1" ind2="0" tag="245"><subfield code="a">The design and analysis of industrial experiments</subfield><subfield code="c">Owen l. davies (ed.)</subfield></datafield><datafield ind1=" " ind2=" " tag="260"><subfield code="a">London</subfield><subfield code="b">Oliver And Boyd</subfield><subfield code="c">1963</subfield></datafield><datafield ind1=" " ind2=" " tag="300"><subfield code="a">XIII+636P</subfield></datafield><datafield ind1=" " ind2=" " tag="852"><subfield code="a">20393</subfield><subfield code="c">539.141</subfield></datafield><datafield ind1=" " ind2=" " tag="CAT"><subfield code="a">Sys</subfield><subfield code="c">20120417</subfield><subfield code="h">161606</subfield></datafield></record></collection>